<?xml version="1.0" encoding="UTF-8"?><collection xmlns="http://www.loc.gov/MARC21/slim"><record><leader>00392nam--2200145-i-4500</leader><controlfield tag="001">000024474</controlfield><controlfield tag="002">20161230</controlfield><controlfield tag="005">20161230201035</controlfield><controlfield tag="008">060222s1000------------r-----000-0-eng-d</controlfield><datafield ind1=" " ind2=" " tag="100"><subfield code="a">Gribkovskii, V.P</subfield></datafield><datafield ind1=" " ind2=" " tag="245"><subfield code="a">Stepanov, b.i</subfield></datafield><datafield ind1=" " ind2=" " tag="260"><subfield code="a">Theory Of Luminnescente.Translated By Scripta Technica Ltd</subfield></datafield><datafield ind1=" " ind2=" " tag="490"><subfield code="a">London, Iliffe Books Ltd., 1963. 497 P</subfield></datafield><datafield ind1=" " ind2=" " tag="700"><subfield code="a">S. Chomet</subfield></datafield><datafield ind1=" " ind2=" " tag="852"><subfield code="a">535.376</subfield></datafield></record></collection>